<?xml version="1.0" encoding="utf-8"?>
<record xmlns="http://www.loc.gov/MARC21/slim" xmlns:xsi="http://www.w3.org/2001/XMLSchema-instance" xsi:schemaLocation="http://www.loc.gov/MARC21/slim http://www.loc.gov/standards/marcxml/schema/MARC21slim.xsd">
	<leader>     nam a22     Mi 4500</leader>
	<controlfield tag="001">b13960969</controlfield>
	<controlfield tag="003">UaCaAUL</controlfield>
	<controlfield tag="006">m        d        </controlfield>
	<controlfield tag="007">cr cn |||m|||a</controlfield>
	<controlfield tag="008">191001s1945    ua      o     000 0 ara d</controlfield>
	<datafield ind1=" " ind2=" " tag="040">
		<subfield code="a">ZYU</subfield>
		<subfield code="b">ara</subfield>
		<subfield code="e">rda</subfield>
		<subfield code="c">ZYU</subfield>
	</datafield>
	<datafield ind1=" " ind2="4" tag="050">
		<subfield code="a">LG511</subfield>
		<subfield code="b">.C45 A73 1945</subfield>
	</datafield>
	<datafield ind1="1" ind2=" " tag="100">
		<subfield code="a">ʻArafah, Muḥammad Aḥmad.</subfield>
	</datafield>
	<datafield ind1="1" ind2="0" tag="245">
		<subfield code="a">Risālat al-Azhar fī-al-qarn al-ʻishrīn.</subfield>
	</datafield>
	<datafield ind1=" " ind2=" " tag="260">
		<subfield code="a">Miṣr :</subfield>
		<subfield code="b">Maṭbaʻat al-Saʻādah,</subfield>
		<subfield code="c">[1945]</subfield>
	</datafield>
	<datafield ind1=" " ind2=" " tag="300">
		<subfield code="a">online resource (48 pages.)</subfield>
	</datafield>
	<datafield ind1=" " ind2=" " tag="336">
		<subfield code="a">text</subfield>
		<subfield code="2">rdacontent</subfield>
	</datafield>
	<datafield ind1=" " ind2=" " tag="337">
		<subfield code="a">computer</subfield>
		<subfield code="2">rdamedia</subfield>
	</datafield>
	<datafield ind1=" " ind2=" " tag="338">
		<subfield code="a">online resource</subfield>
		<subfield code="2">rdacarrier</subfield>
	</datafield>
	<datafield ind1="1" ind2=" " tag="490">
		<subfield code="a">Mushkilāt ;</subfield>
		<subfield code="v">2</subfield>
	</datafield>
	<datafield ind1=" " ind2=" " tag="500">
		<subfield code="a">Part of the Arabic Collections Online (ACO) project, contributed by American University in Cairo Library.</subfield>
	</datafield>
	<datafield ind1=" " ind2=" " tag="533">
		<subfield code="a">Electronic reproduction.</subfield>
		<subfield code="b">New York, N.Y. :</subfield>
		<subfield code="c">New York University,</subfield>
		<subfield code="d">2019.</subfield>
		<subfield code="5">NNU</subfield>
	</datafield>
	<datafield ind1="2" ind2="0" tag="610">
		<subfield code="a">Jāmiʻat al-Azhar</subfield>
		<subfield code="y">20th century.</subfield>
	</datafield>
	<datafield ind1="2" ind2="7" tag="610">
		<subfield code="a">Jāmiʻat al-Azhar.</subfield>
		<subfield code="2">fast</subfield>
		<subfield code="0">(OCoLC)fst00560050</subfield>
	</datafield>
	<datafield ind1=" " ind2="7" tag="648">
		<subfield code="a">1900-1999</subfield>
		<subfield code="2">fast</subfield>
	</datafield>
	<datafield ind1="2" ind2=" " tag="710">
		<subfield code="a">American University in Cairo.</subfield>
		<subfield code="b">Library.</subfield>
	</datafield>
	<datafield ind1="0" ind2=" " tag="730">
		<subfield code="a">Arabic Collections Online.</subfield>
	</datafield>
	<datafield ind1="0" ind2="8" tag="776">
		<subfield code="i">Print version:</subfield>
		<subfield code="a">ʻArafah, Muḥammad Aḥmad.</subfield>
		<subfield code="t">Risālat al-Azhar fī-al-qarn al-ʻishrīn</subfield>
		<subfield code="w">(UaCaAUL)b13960969</subfield>
		<subfield code="w">(OCoLC)316082205</subfield>
	</datafield>
	<datafield ind1=" " ind2="0" tag="830">
		<subfield code="a">Mushkilāt ;</subfield>
		<subfield code="v">2.</subfield>
	</datafield>
	<datafield ind1="4" ind2="0" tag="856">
		<subfield code="u">http://hdl.handle.net/2333.1/rn8pk8nt</subfield>
	</datafield>
	<datafield ind1=" " ind2=" " tag="880">
		<subfield code="6">260-00</subfield>
		<subfield code="a">مصر :</subfield>
		<subfield code="b">مطبعة السعادة،</subfield>
		<subfield code="c">1365 هـ.، 1945 م.</subfield>
	</datafield>
	<datafield ind1="1" ind2="0" tag="880">
		<subfield code="6">245-00</subfield>
		<subfield code="a">رسالة الأزهر في القرن العشرين /</subfield>
		<subfield code="c">بقلم محمد عرفة، عضوا جماعة كبار العلماء.</subfield>
	</datafield>
	<datafield ind1=" " ind2=" " tag="880">
		<subfield code="6">500-00</subfield>
		<subfield code="a">At head of title page: المشكلات -2.</subfield>
	</datafield>
	<datafield ind1="2" ind2="0" tag="880">
		<subfield code="6">610-00</subfield>
		<subfield code="a">جامع الأزهر.</subfield>
	</datafield>
	<datafield ind1="2" ind2="0" tag="880">
		<subfield code="6">610-00</subfield>
		<subfield code="a">جامعة الأزهر.</subfield>
	</datafield>
	<datafield ind1=" " ind2=" " tag="959">
		<subfield code="a">NNU</subfield>
		<subfield code="b">WEB</subfield>
		<subfield code="c">GENI</subfield>
		<subfield code="t">0</subfield>
		<subfield code="m">Electronic access</subfield>
		<subfield code="s">01</subfield>
	</datafield>
	<datafield ind1=" " ind2=" " tag="999">
		<subfield code="i">UaCaAUL_b13960969</subfield>
		<subfield code="o">(OCoLC)ocn316082205</subfield>
		<subfield code="s">auc_aco000920:</subfield>
		<subfield code="e">(ERROR-880)</subfield>
	</datafield>
</record>
